@misc{adapter,
	key = {adapter},
	title = {Adapter pattern},
	url = {http://w3sdesign.com/?gr=s01&ugr=proble}
}

@misc{facade,
	key = {facade},
	title = {Facade pattern},
	url = {http://w3sdesign.com/?gr=s05&ugr=proble}
}

@misc{command,
	key = {command},
	title = {Command pattern},
	url = {http://w3sdesign.com/?gr=b02&ugr=proble}
}

@misc{observer,
	key = {observer},
	title = {Observer pattern},
	url = {http://w3sdesign.com/?gr=b07&ugr=proble}
} 

@misc{dao1,
	key = {dao1},
	title = {Why {DAO} won’t die},
	url = {https://gleichmann.wordpress.com/2007/11/22/why-dao-wont-die/}
}

@misc{dao2,
	key = {dao2},
	title = {{JPA implementation patterns: Data Access Objects}},
	url = {https://www.oracle.com/java/technologies/dataaccessobject.html}
}

@misc{dao3,
	key = {dao3},
	title = {{Data Access Object}},
	url = {https://www.oracle.com/java/technologies/dataaccessobject.html}
}


@report{food,
	author = {Associazione Economia e Sostenibilità},
	title = {Le 10 Questioni della Food Policy di Milano},
	type = {Analysis},
	url = {http://mediagallery.comune.milano.it/cdm/objects/changeme:58783/datastreams/dataStream2398282397540390/content?1468850549528}
}

@inbook {rasdperf,
	author = {{}},
	title = {{CLup RASD}},
	chapter = {3.6.1}
}