@TechReport{speed,
	author = {Daniel An},
	title ={Find Out How You Stack Up
	to New Industry Benchmarks
	for Mobile Page Speed},
	institution =  {{Google}},
	year = {2017},
	note = {\textsc{url}: \url{https://www.thinkwithgoogle.com/marketing-strategies/app-and-mobile/mobile-page-speed-new-industry-benchmarks/}}
}

@article{ufirst,
	Author = {Biagio Simonetta},
	title = {Ufirst, storia lâ€™app anti-code nata dalla segreteria studenti di {R}oma {T}re},
	journal = {Il Sole 24 Ore},
	year = {2020},
	language = {Italian},
	note = {\textsc{url (in italian)}: \url{ https://www.ilsole24ore.com/art/ufirst-storia-l-app-anti-code-nata-segreteria-studenti-roma-tre-ADEGEGV}}
}


@online{gdpr,
	title = {{General Data Protection Regulation} ({GDPR})}, 
	author = {European Commission},
	year = {2018},
	note = {\textsc{url}: \url{https://eur-lex.europa.eu/legal-content/EN/TXT/?uri=celex%3A32016R0679}}
}

@online{worldmachine,
	author = {Michael A. Jackson},
	title = {The World and the Machine},
	year = {1995},
	note = {\textsc{url}: \url{http://mcs.open.ac.uk/mj665/icse17kn.pdf}}
}

@misc{alloy,
	title = {Alloy documentation},
	note = {\textsc{url}: \url{http://alloytools.org/documentation.html}}
}
